@book{Diamantaras1996a,
title={{Principal component neural networks: theory and applications}},
author={Diamantaras, KI and Kung, SY},
year={1996},
publisher={John Wiley \& Sons, Inc. New York, NY, USA}
}


@inproceedings{Bontempi2005a,
author = {G. Bontempi and Y. LeBorgne},
booktitle = {Proceedings of the Workshop on Data Mining in Sensor Networks, SIAM SDM},
pages = {3-9},
publisher = {SIAM Press},
title = {An Adaptive Modular Approach to the Mining of Sensor Network Data},
year = {2005}
}

@article{Jain2004a,
author = {Jain, A. and Chang, E.Y.},
journal = {ACM International Conference Proceeding Series},
pages = {10--16},
publisher = {ACM Press New York, NY, USA},
title = {Adaptive sampling for sensor networks},
year = {2004}
}


@misc{tinyos,
author = {TinyOS},
title = {Project Website: \url{http://www.tinyos.net}}
}

@article{Batdorf1982a,
author = "S.B. Batdorf",
title = "Tensile strength of unidirectionally reinforced composites - 2",
journal = "Journal of reinforced plastics and composites",
year = "1982",
volume = "1",
pages ="165-175"
}

@article{Aveston1973a,
author = "J. Aveston and A. Kelly",
title = "Theory of multiple fracture of fibrous composites",
journal = "Journal of Material Sciences",
year = "1973",
volume = "8",
pages ="352-362"
}

@article{Aveston1971a,
author = "J. Aveston and G. Cooper and A. Kelly",
title = "Single and multiple fracture, the properties of fibre composites",
journal = "Proc. Conf. National Physical Laboratories",
year = "1971",
volume = "IPC Sci. and Tech Press Ltd., London",
pages ="15-24"
}

